@inproceedings{borges2022lifecycle,
  title={A lifecycle experience of PolKA: From prototyping to deployment at Géant Lab with RARE/FreeRtr},
  author={Borges, Everson S and Pontes, Edgard and Dominicini, Cristina and Schwarz, Marcos and Mate, Csaba and Loui, Frederic and Guimarães, Rafael and Martinello, Magnos and Villa{\c{c}}a, Rodolfo and Ribeiro, Moisés RN},
  booktitle={Anais do XIII Workshop de Pesquisa Experimental da Internet do Futuro},
  pages={35--40},
  year={2022},
  organization={SBC}
}

@misc{zurawski2021,
  title={2020 High Energy Physics Network Requirements Review Final Report},
  howpublished = {\url{https://escholarship.org/uc/item/78j3c9v4}},
  month = jun,
  year = 2021,
  journal={Report #: LBNL-2001398},
  author={Zurawski, Jason and Brown, Benjamin and Carder, Dale and Colby, Eric and Dart, Eli and Miller, Ken and Patwa, Abid and Robinson, Kate and Rotman, Lauren and Wiedlea, Andrew},
  publisher={Lawrence Berkeley National Laboratory}
} 

@inproceedings{gang2018throughput,
  title={Throughput maximization routing in the hybrid segment routing network},
  author={Gang, Yirou and Zhang, Pei and Huang, Xiaohong and Yang, Tianle},
  booktitle={Proceedings of the 2nd International Conference on Telecommunications and Communication Engineering},
  pages={262--267},
  year={2018}
}

@misc{esnet,
  title={ESnet/Iperf: IPERF3: A TCP, UDP, and SCTP Network Bandwidth Measurement Tool},
  howpublished = {\url{https://github.com/esnet/iperf}},
  month = nov,
  year = 2022,
  journal={GitHub},
  author={ESnet}
} 

@article{ioannou2020data,
  title={Data Transfer Node (DTN) Tests on the G{\'E}ANT Testbeds Service (GTS)},
  author={Ioannou, Iacovos and Regvart, Damir and Hill, Joseph and Gandia, Maria Isabel and Golub, Ivana and Chown, Tim and Jackson, Susanne Naegele},
  year={2020},
  publisher={DANTE: Delivery of Advanced Network Technology to Europe (United Kingdom)}
}

@article{elaineyeo2019,
    author={Yeo, Elaine},
    title={Segment Routing Proof of Concept for Business Services},
    journal={SCTE-ISBE NCTA Cable-Tec Expo},
    year={2019},
    month={sep},
    note={Technical Forum, New Orleans, LA}
}

@inproceedings{dominicini2021deploying,
  title={Deploying PolKA Source Routing in P4 Switches},
  author={Dominicini, Cristina and Guimaraes, Rafael and Mafioletti, Diego and Martinello, Magnos and Ribeiro, Moises RN and Villa{\c{c}}a, Rodolfo and Loui, Fr{\'e}d{\'e}ric and Ortiz, Jordi and Slyne, Frank and Ruffini, Marco and others},
  booktitle={2021 International Conference on Optical Network Design and Modeling (ONDM)},
  pages={1--3},
  year={2021},
  organization={IEEE}
}

@article{schuller2018traffic,
  title={Traffic engineering using segment routing and considering requirements of a carrier IP network},
  author={Sch{\"u}ller, Timmy and Aschenbruck, Nils and Chimani, Markus and Horneffer, Martin and Schnitter, Stefan},
  journal={IEEE/ACM Transactions on Networking},
  volume={26},
  number={4},
  pages={1851--1864},
  year={2018},
  publisher={IEEE}
}

@article{kushwaha2020survey,
  title={A Survey on Segment Routing with Emphasis on Use Cases in Large Provider Networks},
  author={Kushwaha, Aniruddha and Sharma, Sidharth and Gumaste, Ashwin},
  journal={arXiv preprint arXiv:2012.14687},
  year={2020}
}

@article{abdullah2018segment,
  title={Segment routing in software defined networks: A survey},
  author={Abdullah, Zahraa N and Ahmad, Imtiaz and Hussain, Iftekhar},
  journal={IEEE Communications Surveys \& Tutorials},
  volume={21},
  number={1},
  pages={464--486},
  year={2018},
  publisher={IEEE}
}

@inproceedings{dominicini2020polka,
  title={Polka: Polynomial key-based architecture for source routing in network fabrics},
  author={Dominicini, Cristina and Mafioletti, Diego and Locateli, Ana C and Villaca, Rodolfo and Martinello, Magnos and Ribeiro, Mois{\'e}s and Gorodnik, Alexander},
  booktitle={2020 6th IEEE Conference on Network Softwarization (NetSoft)},
  pages={326--334},
  year={2020},
  organization={IEEE}
}

@inproceedings{valera2019geant,
  title={Is G{\'E}ANT testbeds service compliant with ETSI MANO?},
  author={Valera-Muros, Barbara and Merino-Gomez, Pedro},
  booktitle={2019 IEEE 2nd 5G World Forum (5GWF)},
  pages={502--507},
  year={2019},
  organization={IEEE}
}

@inproceedings{8665783,
  author={Xiang, Qiao and Zhang, J. Jensen and Wang, X. Tony and Liu, Y. Jace and Guok, Chin and Le, Franck and MacAuley, John and Newman, Harvey and Yang, Y. Richard},
  booktitle={SC18: International Conference for High Performance Computing, Networking, Storage and Analysis},
  title={Fine-Grained, Multi-Domain Network Resource Abstraction as a Fundamental Primitive to Enable High-Performance, Collaborative Data Sciences}, 
  year={2018},
  volume={},
  number={},
  pages={58-70},
  doi={10.1109/SC.2018.00008}
  }

@incollection{guiang2022integrating,
  title={Integrating End-to-End Exascale SDN into the LHC Data Distribution Cyberinfrastructure},
  author={Guiang, Jonathan and Arora, Aashay and Davila, Diego and Graham, John and Mishin, Dima and Sfiligoi, Igor and Wuerthwein, Frank and Lehman, Tom and Yang, Xi and Guok, Chin and others},
  booktitle={Practice and Experience in Advanced Research Computing},
  pages={1--4},
  year={2022}
}

@inproceedings{babik2020network,
  title={Network Capabilities for the HL-LHC Era},
  author={Babik, Marian and McKee, Shawn},
  booktitle={EPJ Web of Conferences},
  volume={245},
  pages={07051},
  year={2020},
  organization={EDP Sciences}
}
